@techreport{alja_kunovar,
Title           = {Ogrodje za vrednotenje ustreznosti aktivnosti in orodij pri testiranju mobilnih aplikacij},
Author          = {Kunovar, Alja},
institution     = {Fakulteta za ra\v{c}unalni\v{s}tvo in informatiko, Univerza v Ljubljani},
Year            = {2016},
type            = {Magistersko delo}
}

@techreport{sandi_pangerc,
Title           = {Avtomatizirano testiranje aplikacije Android},
Author          = {Pangerc, Sandi},
institution     = {Fakulteta za ra\v{c}unalni\v{s}tvo in informatiko, Univerza v Ljubljani},
Year            = {2018},
type            = {Diplomsko delo}
}

@techreport{gorazd_kovacic,
Title           = {Avtomatsko vizualno testiranje spletnih strani},
Author          = {Kovačič, Gorazd},
institution     = {Fakulteta za ra\v{c}unalni\v{s}tvo in informatiko, Univerza v Ljubljani},
Year            = {2015},
type            = {Diplomsko delo}
}

@misc{unity_test_runner,
author          = {Unity Technologies},
title           ={{Unity Test Runner}},
howpublished    ={Dosegljivo: \url{https://docs.unity3d.com/Manual/testing-editortestsrunner.html}},
note            = {[Dostopano 13. 8. 2019]},
year            = 2019
}

@misc{nunit,
author          = {NUnit.org},
title           ={{NUnit Documentation}},
howpublished    ={Dosegljivo: \url{https://github.com/nunit/docs/wiki/NUnit-Documentationl}},
note            = {[Dostopano 13. 8. 2019]},
year            = 2018
}

@article{DBLP:journals/corr/abs-1803-05402,
  author    = {Jack Harmer and
               Linus Gissl{\'{e}}n and
               Henrik Holst and
               Joakim Bergdahl and
               Tom Olsson and
               Kristoffer Sj{\"{o}}{\"{o}} and
               Magnus Nordin},
  title     = {Imitation Learning with Concurrent Actions in 3D Games},
  journal   = {CoRR},
  volume    = {abs/1803.05402},
  year      = {2018},
  url       = {http://arxiv.org/abs/1803.05402},
  archivePrefix = {arXiv},
  eprint    = {1803.05402},
  timestamp = {Mon, 13 Aug 2018 16:46:59 +0200},
  biburl    = {https://dblp.org/rec/bib/journals/corr/abs-1803-05402},
  bibsource = {dblp computer science bibliography, https://dblp.org}
}

@INPROCEEDINGS{Ng99policyinvariance,
    author = {Andrew Y. Ng and Daishi Harada and Stuart Russell},
    title = {Policy invariance under reward transformations: Theory and application to reward shaping},
    booktitle = {In Proceedings of the Sixteenth International Conference on Machine Learning},
    year = {1999},
    pages = {278--287},
    publisher = {Morgan Kaufmann}
}

@inproceedings{pathakICMl17curiosity,
    Author = {Pathak, Deepak and
    Agrawal, Pulkit and
    Efros, Alexei A. and
    Darrell, Trevor},
    Title = {Curiosity-driven Exploration
    by Self-supervised Prediction},
    Booktitle = {ICML},
    Year = {2017}
}

@article{DBLP:journals/corr/SchulmanWDRK17,
  author    = {John Schulman and
               Filip Wolski and
               Prafulla Dhariwal and
               Alec Radford and
               Oleg Klimov},
  title     = {Proximal Policy Optimization Algorithms},
  journal   = {CoRR},
  volume    = {abs/1707.06347},
  year      = {2017},
  url       = {http://arxiv.org/abs/1707.06347},
  archivePrefix = {arXiv},
  eprint    = {1707.06347},
  timestamp = {Mon, 13 Aug 2018 16:47:34 +0200},
  biburl    = {https://dblp.org/rec/bib/journals/corr/SchulmanWDRK17},
  bibsource = {dblp computer science bibliography, https://dblp.org}
}

@article{deep-reinforcement-learning,
  title     ={Human-level control through deep reinforcement learning},
  author    ={Mnih, Volodymyr and
              Kavukcuoglu, Koray and
              Silver, David and
              Rusu, Andrei A. and
              Veness, Joel and
              Bellemare, Marc G. and
              Graves, Alex and
              Riedmiller, Martin and
              Fidjeland, Andreas K. and
              Ostrovski, Georg and
              Petersen, Stig and
              Beattie, Charles and
              Sadik, Amir and
              Antonoglou, Ioannis and
              King, Helen and
              Kumaran, Dharshan and
              Wierstra, Daan and
              Legg, Shane and
              Hassabis, Demis},
  journal   ={Nature},
  volume    ={518},
  number    ={7540},
  pages     ={529--533},
  year      ={2015},
  url       = {https://doi.org/10.1038/nature14236},
  publisher ={Nature Publishing Group, a division of Macmillan Publishers Limited. All Rights Reserved.}
}

@article{DBLP:journals/corr/SchulmanLMJA15,
  author    = {John Schulman and
               Sergey Levine and
               Philipp Moritz and
               Michael I. Jordan and
               Pieter Abbeel},
  title     = {Trust Region Policy Optimization},
  journal   = {CoRR},
  volume    = {abs/1502.05477},
  year      = {2015},
  url       = {http://arxiv.org/abs/1502.05477},
  archivePrefix = {arXiv},
  eprint    = {1502.05477},
  timestamp = {Mon, 13 Aug 2018 16:48:08 +0200},
  biburl    = {https://dblp.org/rec/bib/journals/corr/SchulmanLMJA15},
  bibsource = {dblp computer science bibliography, https://dblp.org}
}

@article{DBLP:journals/corr/abs-1809-02627,
  author    = {Arthur Juliani and
               Vincent{-}Pierre Berges and
               Esh Vckay and
               Yuan Gao and
               Hunter Henry and
               Marwan Mattar and
               Danny Lange},
  title     = {Unity: {A} General Platform for Intelligent Agents},
  journal   = {CoRR},
  volume    = {abs/1809.02627},
  year      = {2018},
  url       = {http://arxiv.org/abs/1809.02627},
  archivePrefix = {arXiv},
  eprint    = {1809.02627},
  timestamp = {Fri, 05 Oct 2018 11:34:52 +0200},
  biburl    = {https://dblp.org/rec/bib/journals/corr/abs-1809-02627},
  bibsource = {dblp computer science bibliography, https://dblp.org}
}

@misc{Unity-ML-Agents,
author          = {Unity Technologies},
title           ={{Unity ML-Agents Toolkit Documentation}},
howpublished    ={Dosegljivo: \url{https://github.com/Unity-Technologies/ml-agents/blob/master/docs/Readme.md}},
note            = {[Dostopano 15. 8. 2019]},
year            = 2019
}

@book{Ammann:2008:IST:1355340,
 author = {Ammann, Paul and Offutt, Jeff},
 title = {Introduction to Software Testing},
 year = {2008},
 isbn = {0521880386, 9780521880381},
 edition = {1},
 publisher = {Cambridge University Press},
 address = {New York, NY, USA},
} 